<record><leader>00000cas a2200000 i 4500</leader><controlfield tag="001">846845674</controlfield><controlfield tag="006">m     o  d        </controlfield><controlfield tag="007">cr |||||||||||</controlfield><controlfield tag="008">130605c18719999lauwr ne      0   a0eng  </controlfield><datafield ind1=" " ind2=" " tag="010"><subfield code="a">  2013218797</subfield></datafield><datafield ind1=" " ind2=" " tag="040"><subfield code="a">DLC</subfield><subfield code="b">eng</subfield><subfield code="e">rda</subfield><subfield code="c">DLC</subfield><subfield code="d">OCLCF</subfield><subfield code="d">OCLCQ</subfield></datafield><datafield ind1="0" ind2=" " tag="022"><subfield code="a">2329-4159</subfield><subfield code="2">1</subfield></datafield><datafield ind1=" " ind2=" " tag="042"><subfield code="a">pcc</subfield><subfield code="a">nsdp</subfield></datafield><datafield ind1=" " ind2=" " tag="043"><subfield code="a">n-us-la</subfield></datafield><datafield ind1="1" ind2="0" tag="050"><subfield code="a">ISSN RECORD</subfield></datafield><datafield ind1="0" ind2="0" tag="082"><subfield code="a">071</subfield><subfield code="2">23</subfield></datafield><datafield ind1="0" ind2=" " tag="130"><subfield code="a">Donaldsonville chief (Donaldsonville, La. : 1871 : Online)</subfield></datafield><datafield ind1=" " ind2="4" tag="222"><subfield code="a">The Donaldsonville chief (Donaldsonville, La. 1871. Online)</subfield></datafield><datafield ind1="1" ind2="4" tag="245"><subfield code="a">The Donaldsonville chief.</subfield></datafield><datafield ind1="3" ind2="0" tag="246"><subfield code="a">Chief</subfield></datafield><datafield ind1=" " ind2="1" tag="264"><subfield code="a">Donaldsonville, La. :</subfield><subfield code="b">Linden E. Bentley,</subfield><subfield code="c">1871-</subfield></datafield><datafield ind1=" " ind2=" " tag="310"><subfield code="a">Weekly</subfield></datafield><datafield ind1=" " ind2=" " tag="336"><subfield code="a">text</subfield><subfield code="b">txt</subfield><subfield code="2">rdacontent</subfield></datafield><datafield ind1=" " ind2=" " tag="337"><subfield code="a">computer</subfield><subfield code="b">c</subfield><subfield code="2">rdamedia</subfield></datafield><datafield ind1=" " ind2=" " tag="338"><subfield code="a">online resource</subfield><subfield code="b">cr</subfield><subfield code="2">rdacarrier</subfield></datafield><datafield ind1="1" ind2=" " tag="362"><subfield code="a">Began with volume 1, number 1 (September 16, 1871).</subfield></datafield><datafield ind1=" " ind2=" " tag="500"><subfield code="a">Title varies slightly: The Chief, Nov. 21, 1974-May 29, 1975.</subfield></datafield><datafield ind1=" " ind2=" " tag="500"><subfield code="a">Publisher: Jas. Von Lotten, &lt;Dec. 30, 1922&gt;</subfield></datafield><datafield ind1=" " ind2=" " tag="580"><subfield code="a">Issues for Nov. 1-15, 1946, include a page of the Gonzales chief with additional masthead and vol. numbering, v. 1, no. 1-v. 1, no. 3.</subfield></datafield><datafield ind1=" " ind2=" " tag="588"><subfield code="a">Description based on: Volume 1, number 1 (September 16, 1871); title from masthead (Chroniclingamerica.loc.gov, viewed June 5, 2013).</subfield></datafield><datafield ind1=" " ind2=" " tag="588"><subfield code="a">Latest issue consulted: Volume LII, number 20 (December 30, 1922) (Chroniclingamerica.loc.gov, viewed June 5, 2013).</subfield></datafield><datafield ind1=" " ind2="0" tag="651"><subfield code="a">Donaldsonville (La.)</subfield><subfield code="v">Newspapers.</subfield></datafield><datafield ind1=" " ind2="0" tag="651"><subfield code="a">Gonzales (La.)</subfield><subfield code="v">Newspapers.</subfield></datafield><datafield ind1=" " ind2="7" tag="651"><subfield code="a">Louisiana</subfield><subfield code="z">Donaldsonville.</subfield><subfield code="2">fast</subfield><subfield code="0">(OCoLC)fst01227058</subfield></datafield><datafield ind1=" " ind2="7" tag="651"><subfield code="a">Louisiana</subfield><subfield code="z">Gonzales.</subfield><subfield code="2">fast</subfield><subfield code="0">(OCoLC)fst01229381</subfield></datafield><datafield ind1=" " ind2="7" tag="655"><subfield code="a">Newspapers.</subfield><subfield code="2">fast</subfield><subfield code="0">(OCoLC)fst01423814</subfield></datafield><datafield ind1=" " ind2=" " tag="752"><subfield code="a">United States</subfield><subfield code="b">Louisiana</subfield><subfield code="c">Ascension</subfield><subfield code="d">Donaldsonville.</subfield></datafield><datafield ind1=" " ind2=" " tag="752"><subfield code="a">United States</subfield><subfield code="b">Louisiana</subfield><subfield code="c">Ascension</subfield><subfield code="d">Gonzales.</subfield></datafield><datafield ind1="0" ind2="8" tag="776"><subfield code="i">Originally issued in print:</subfield><subfield code="t">Donaldsonville chief (Donaldsonville, La. : 1871)</subfield><subfield code="x">2329-4140</subfield><subfield code="w">(DLC)sn 85034248</subfield><subfield code="w">(OCoLC)12597940</subfield></datafield><datafield ind1="1" ind2=" " tag="787"><subfield code="t">Gonzales chief (Online)</subfield><subfield code="g">Nov. 1-15, 1946</subfield></datafield><datafield ind1="4" ind2="1" tag="856"><subfield code="u">http://chroniclingamerica.loc.gov/lccn/sn85034248/issues</subfield></datafield><datafield ind1="1" ind2=" " tag="029"><subfield code="a">NZ1</subfield><subfield code="b">15124395</subfield></datafield></record>